% Encoding: UTF-8

@Article{2018arXiv180310993F,
  author        = {{Frid{\'e}n}, Jonas and {Razavi}, Aidin and {Stjernman}, Anders},
  title         = {{Angular sampling, Test Signal, and Near Field Aspects for Over-the-Air Total Radiated Power Assessment in Anechoic Chambers}},
  journal       = {arXiv e-prints},
  year          = {2018},
  pages         = {arXiv:1803.10993},
  month         = {Mar},
  adsnote       = {Provided by the SAO/NASA Astrophysics Data System},
  adsurl        = {https://ui.adsabs.harvard.edu/\#abs/2018arXiv180310993F},
  archiveprefix = {arXiv},
  eid           = {arXiv:1803.10993},
  eprint        = {1803.10993},
  keywords      = {Electrical Engineering and Systems Science - Signal Processing},
  primaryclass  = {eess.SP},
}

@InProceedings{inproceedings,
  author = {Friden, Jonas and Razavi, Aidin and Pucci, Elena},
  title  = {Over-the-Air Testing for Total Radiated Power of Unwanted Emissions},
  year   = {2018},
  pages  = {1-4},
  month  = {09},
  doi    = {10.1109/CAMA.2018.8530465},
}

@Article{1446714,
  author   = {J. {Ruze}},
  title    = {Antenna tolerance theory—A review},
  journal  = {Proceedings of the IEEE},
  year     = {1966},
  volume   = {54},
  number   = {4},
  pages    = {633-640},
  month    = {April},
  issn     = {0018-9219},
  abstract = {The theoretical basis of antenna tolerance theory is reviewed. Formulas are presented for the axial loss of gain and the pattern degradation as a function of the reflector surface rms error and the surface spatial correlation. Methods of determining these quantities by astronomical or ground-based electrical measurements are described. Correlation between the theoretical predictions and the performance of actual large antenna structures is presented.},
  doi      = {10.1109/PROC.1966.4784},
  keywords = {Antenna theory;Apertures;Antenna radiation patterns;Antenna measurements;Lighting;Optical surface waves;Extraterrestrial measurements;Wavelength measurement;Pattern analysis;Phase distortion},
}

@Misc{SWB-1658557611,
  author    = {Balanis, Constantine A.},
  title     = {Antenna theory : Analysis and Design},
  year      = {2005},
  address   = {Hoboken, N.J.},
  bestand   = {Karlsruher Institut für Technologie (KIT) - KIT-Bibliothek <90>; },
  edition   = {3. ed.},
  isbn      = {9780471667827},
  keywords  = { ; Antennas (Electronics) ; Antenne},
  publisher = {Wiley-Interscience},
  size      = {XVII, 1117 S. : Ill.},
  url       = { ; http://swbplus.bsz-bw.de/bsz118654403cov.htmhttp://lib.myilibrary.com?id=450273 ; },
}

@Article{19510,
  title    = {IEEE Standard Test Procedures for Antennas},
  journal  = {ANSI/IEEE Std 149-1979},
  year     = {1979},
  doi      = {10.1109/IEEESTD.1979.120310},
  keywords = {antennas;electronic equipment testing;measurement standards;IEEE standard;test procedures;antenna properties;ANSI/IEEE Std 149-1965;radiation patterns;antenna range;antenna test facilities;instrumentation;Antennas;Electronic equipment testing;Measurement standards},
}

@Proceedings{keysightota,
  title = {OTA Test for Millimeter-Wave 5G NR Devices and Systems -White Paper},
  year  = {2018},
}

@Article{6375745,
  title    = {IEEE Recommended Practice for Near-Field Antenna Measurements},
  journal  = {IEEE Std 1720-2012},
  year     = {2012},
  pages    = {1-102},
  month    = {Dec},
  doi      = {10.1109/IEEESTD.2012.6375745},
  keywords = {antenna testing;calibration;IEEE standards;planar antennas;IEEE recommended practice;near-field antenna measurements;near-field test;antenna property;cylindricalvgeometry;planar geometry;spherical geometry;calibration;reference antennas;IEEE Std 1720-2012;IEEE standards;Antenna measurements;Near-field radiation pattern;Calibration;antenna measurements;antenna near-field measurements;cylindrical near-field measurements;IEEE 1720;near-field measurements;planar near-field measurements;probe calibrations;spherical near-field measurements},
}

@Standard{seitur,
  title        = {Rec. ITU-R SM.329-7 Spurious Emissions},
  organization = {International Telecommunication Union},
  institution  = {ITU-R},
  type         = {Recommendation},
}

@Book{funsspec,
  title     = {Fundamentals of Spectrum Analysis},
  publisher = {Rohde \& Schwarz GmbH \& Co. KG},
  year      = {2001},
  author    = {Christoph Rauscher and Volker Janssen and Roland Minihold},
  isbn      = {978-3-939837-01-5},
}

@Standard{ctiaat,
  title        = {Test Plan for Wireless Device Over-the-Air Performance},
  organization = {Cellular Telecommunications and Internet Association (CTIA)},
}

@Comment{jabref-meta: databaseType:bibtex;}
